%YAML 1.1
%TAG !u! tag:unity3d.com,2011:
--- !u!29 &1
OcclusionCullingSettings:
  m_ObjectHideFlags: 0
  serializedVersion: 2
  m_OcclusionBakeSettings:
    smallestOccluder: 5
    smallestHole: 0.25
    backfaceThreshold: 100
  m_SceneGUID: 00000000000000000000000000000000
  m_OcclusionCullingData: {fileID: 0}
--- !u!104 &2
RenderSettings:
  m_ObjectHideFlags: 0
  serializedVersion: 8
  m_Fog: 0
  m_FogColor: {r: 0.5, g: 0.5, b: 0.5, a: 1}
  m_FogMode: 3
  m_FogDensity: 0.01
  m_LinearFogStart: 0
  m_LinearFogEnd: 300
  m_AmbientSkyColor: {r: 0.212, g: 0.227, b: 0.259, a: 1}
  m_AmbientEquatorColor: {r: 0.114, g: 0.125, b: 0.133, a: 1}
  m_AmbientGroundColor: {r: 0.047, g: 0.043, b: 0.035, a: 1}
  m_AmbientIntensity: 1
  m_AmbientMode: 0
  m_SubtractiveShadowColor: {r: 0.42, g: 0.478, b: 0.627, a: 1}
  m_SkyboxMaterial: {fileID: 10304, guid: 0000000000000000f000000000000000, type: 0}
  m_HaloStrength: 0.5
  m_FlareStrength: 1
  m_FlareFadeSpeed: 3
  m_HaloTexture: {fileID: 0}
  m_SpotCookie: {fileID: 10001, guid: 0000000000000000e000000000000000, type: 0}
  m_DefaultReflectionMode: 0
  m_DefaultReflectionResolution: 128
  m_ReflectionBounces: 1
  m_ReflectionIntensity: 1
  m_CustomReflection: {fileID: 0}
  m_Sun: {fileID: 0}
  m_IndirectSpecularColor: {r: 0.44657898, g: 0.4964133, b: 0.5748178, a: 1}
--- !u!157 &3
LightmapSettings:
  m_ObjectHideFlags: 0
  serializedVersion: 11
  m_GIWorkflowMode: 0
  m_GISettings:
    serializedVersion: 2
    m_BounceScale: 1
    m_IndirectOutputScale: 1
    m_AlbedoBoost: 1
    m_TemporalCoherenceThreshold: 1
    m_EnvironmentLightingMode: 0
    m_EnableBakedLightmaps: 1
    m_EnableRealtimeLightmaps: 1
  m_LightmapEditorSettings:
    serializedVersion: 9
    m_Resolution: 2
    m_BakeResolution: 40
    m_TextureWidth: 1024
    m_TextureHeight: 1024
    m_AO: 0
    m_AOMaxDistance: 1
    m_CompAOExponent: 1
    m_CompAOExponentDirect: 0
    m_Padding: 2
    m_LightmapParameters: {fileID: 0}
    m_LightmapsBakeMode: 1
    m_TextureCompression: 1
    m_FinalGather: 0
    m_FinalGatherFiltering: 1
    m_FinalGatherRayCount: 256
    m_ReflectionCompression: 2
    m_MixedBakeMode: 2
    m_BakeBackend: 0
    m_PVRSampling: 1
    m_PVRDirectSampleCount: 32
    m_PVRSampleCount: 500
    m_PVRBounces: 2
    m_PVRFilterTypeDirect: 0
    m_PVRFilterTypeIndirect: 0
    m_PVRFilterTypeAO: 0
    m_PVRFilteringMode: 1
    m_PVRCulling: 1
    m_PVRFilteringGaussRadiusDirect: 1
    m_PVRFilteringGaussRadiusIndirect: 5
    m_PVRFilteringGaussRadiusAO: 2
    m_PVRFilteringAtrousPositionSigmaDirect: 0.5
    m_PVRFilteringAtrousPositionSigmaIndirect: 2
    m_PVRFilteringAtrousPositionSigmaAO: 1
  m_LightingDataAsset: {fileID: 0}
  m_UseShadowmask: 1
--- !u!196 &4
NavMeshSettings:
  serializedVersion: 2
  m_ObjectHideFlags: 0
  m_BuildSettings:
    serializedVersion: 2
    agentTypeID: 0
    agentRadius: 0.5
    agentHeight: 2
    agentSlope: 45
    agentClimb: 0.4
    ledgeDropHeight: 0
    maxJumpAcrossDistance: 0
    minRegionArea: 2
    manualCellSize: 0
    cellSize: 0.16666667
    manualTileSize: 0
    tileSize: 256
    accuratePlacement: 0
    debug:
      m_Flags: 0
  m_NavMeshData: {fileID: 0}
--- !u!1001 &38319100
Prefab:
  m_ObjectHideFlags: 0
  serializedVersion: 2
  m_Modification:
    m_TransformParent: {fileID: 0}
    m_Modifications:
    - target: {fileID: 4357108945096772, guid: 13f6b89df57815f47b7b52e5064ce7ea, type: 2}
      propertyPath: m_LocalPosition.x
      value: 0
      objectReference: {fileID: 0}
    - target: {fileID: 4357108945096772, guid: 13f6b89df57815f47b7b52e5064ce7ea, type: 2}
      propertyPath: m_LocalPosition.y
      value: 3.5
      objectReference: {fileID: 0}
    - target: {fileID: 4357108945096772, guid: 13f6b89df57815f47b7b52e5064ce7ea, type: 2}
      propertyPath: m_LocalPosition.z
      value: 3
      objectReference: {fileID: 0}
    - target: {fileID: 4357108945096772, guid: 13f6b89df57815f47b7b52e5064ce7ea, type: 2}
      propertyPath: m_LocalRotation.x
      value: -0
      objectReference: {fileID: 0}
    - target: {fileID: 4357108945096772, guid: 13f6b89df57815f47b7b52e5064ce7ea, type: 2}
      propertyPath: m_LocalRotation.y
      value: -0
      objectReference: {fileID: 0}
    - target: {fileID: 4357108945096772, guid: 13f6b89df57815f47b7b52e5064ce7ea, type: 2}
      propertyPath: m_LocalRotation.z
      value: -0
      objectReference: {fileID: 0}
    - target: {fileID: 4357108945096772, guid: 13f6b89df57815f47b7b52e5064ce7ea, type: 2}
      propertyPath: m_LocalRotation.w
      value: 1
      objectReference: {fileID: 0}
    - target: {fileID: 4357108945096772, guid: 13f6b89df57815f47b7b52e5064ce7ea, type: 2}
      propertyPath: m_RootOrder
      value: 17
      objectReference: {fileID: 0}
    - target: {fileID: 1480588101126786, guid: 13f6b89df57815f47b7b52e5064ce7ea, type: 2}
      propertyPath: m_Name
      value: Hex.4 (1)
      objectReference: {fileID: 0}
    m_RemovedComponents: []
  m_ParentPrefab: {fileID: 100100000, guid: 13f6b89df57815f47b7b52e5064ce7ea, type: 2}
  m_IsPrefabParent: 0
--- !u!1001 &106880118
Prefab:
  m_ObjectHideFlags: 0
  serializedVersion: 2
  m_Modification:
    m_TransformParent: {fileID: 0}
    m_Modifications:
    - target: {fileID: 4857739696590414, guid: 4bd3454d896af9c4287221f65e991062, type: 2}
      propertyPath: m_LocalPosition.x
      value: -3.4
      objectReference: {fileID: 0}
    - target: {fileID: 4857739696590414, guid: 4bd3454d896af9c4287221f65e991062, type: 2}
      propertyPath: m_LocalPosition.y
      value: 0.145
      objectReference: {fileID: 0}
    - target: {fileID: 4857739696590414, guid: 4bd3454d896af9c4287221f65e991062, type: 2}
      propertyPath: m_LocalPosition.z
      value: 0
      objectReference: {fileID: 0}
    - target: {fileID: 4857739696590414, guid: 4bd3454d896af9c4287221f65e991062, type: 2}
      propertyPath: m_LocalRotation.x
      value: -0
      objectReference: {fileID: 0}
    - target: {fileID: 4857739696590414, guid: 4bd3454d896af9c4287221f65e991062, type: 2}
      propertyPath: m_LocalRotation.y
      value: -0
      objectReference: {fileID: 0}
    - target: {fileID: 4857739696590414, guid: 4bd3454d896af9c4287221f65e991062, type: 2}
      propertyPath: m_LocalRotation.z
      value: -0
      objectReference: {fileID: 0}
    - target: {fileID: 4857739696590414, guid: 4bd3454d896af9c4287221f65e991062, type: 2}
      propertyPath: m_LocalRotation.w
      value: 1
      objectReference: {fileID: 0}
    - target: {fileID: 4857739696590414, guid: 4bd3454d896af9c4287221f65e991062, type: 2}
      propertyPath: m_RootOrder
      value: 24
      objectReference: {fileID: 0}
    - target: {fileID: 1920411105587014, guid: 4bd3454d896af9c4287221f65e991062, type: 2}
      propertyPath: m_Name
      value: Gold (2)
      objectReference: {fileID: 0}
    m_RemovedComponents: []
  m_ParentPrefab: {fileID: 100100000, guid: 4bd3454d896af9c4287221f65e991062, type: 2}
  m_IsPrefabParent: 0
--- !u!1001 &175607490
Prefab:
  m_ObjectHideFlags: 0
  serializedVersion: 2
  m_Modification:
    m_TransformParent: {fileID: 0}
    m_Modifications:
    - target: {fileID: 4124180818054920, guid: f089bbebb9975e441b1d0189b58bcbd7, type: 2}
      propertyPath: m_LocalPosition.x
      value: 0.886
      objectReference: {fileID: 0}
    - target: {fileID: 4124180818054920, guid: f089bbebb9975e441b1d0189b58bcbd7, type: 2}
      propertyPath: m_LocalPosition.y
      value: 0
      objectReference: {fileID: 0}
    - target: {fileID: 4124180818054920, guid: f089bbebb9975e441b1d0189b58bcbd7, type: 2}
      propertyPath: m_LocalPosition.z
      value: 1.5
      objectReference: {fileID: 0}
    - target: {fileID: 4124180818054920, guid: f089bbebb9975e441b1d0189b58bcbd7, type: 2}
      propertyPath: m_LocalRotation.x
      value: -0
      objectReference: {fileID: 0}
    - target: {fileID: 4124180818054920, guid: f089bbebb9975e441b1d0189b58bcbd7, type: 2}
      propertyPath: m_LocalRotation.y
      value: -0
      objectReference: {fileID: 0}
    - target: {fileID: 4124180818054920, guid: f089bbebb9975e441b1d0189b58bcbd7, type: 2}
      propertyPath: m_LocalRotation.z
      value: -0
      objectReference: {fileID: 0}
    - target: {fileID: 4124180818054920, guid: f089bbebb9975e441b1d0189b58bcbd7, type: 2}
      propertyPath: m_LocalRotation.w
      value: 1
      objectReference: {fileID: 0}
    - target: {fileID: 4124180818054920, guid: f089bbebb9975e441b1d0189b58bcbd7, type: 2}
      propertyPath: m_RootOrder
      value: 8
      objectReference: {fileID: 0}
    - target: {fileID: 1887403919832678, guid: f089bbebb9975e441b1d0189b58bcbd7, type: 2}
      propertyPath: m_Name
      value: Hex.1 (4)
      objectReference: {fileID: 0}
    m_RemovedComponents: []
  m_ParentPrefab: {fileID: 100100000, guid: f089bbebb9975e441b1d0189b58bcbd7, type: 2}
  m_IsPrefabParent: 0
--- !u!1001 &245923580
Prefab:
  m_ObjectHideFlags: 0
  serializedVersion: 2
  m_Modification:
    m_TransformParent: {fileID: 0}
    m_Modifications:
    - target: {fileID: 4831642491533612, guid: db3f753216ba0be49b6bf22ba9b77139, type: 2}
      propertyPath: m_LocalPosition.x
      value: 0.886
      objectReference: {fileID: 0}
    - target: {fileID: 4831642491533612, guid: db3f753216ba0be49b6bf22ba9b77139, type: 2}
      propertyPath: m_LocalPosition.y
      value: 0.5
      objectReference: {fileID: 0}
    - target: {fileID: 4831642491533612, guid: db3f753216ba0be49b6bf22ba9b77139, type: 2}
      propertyPath: m_LocalPosition.z
      value: 1.5
      objectReference: {fileID: 0}
    - target: {fileID: 4831642491533612, guid: db3f753216ba0be49b6bf22ba9b77139, type: 2}
      propertyPath: m_LocalRotation.x
      value: -0
      objectReference: {fileID: 0}
    - target: {fileID: 4831642491533612, guid: db3f753216ba0be49b6bf22ba9b77139, type: 2}
      propertyPath: m_LocalRotation.y
      value: -0
      objectReference: {fileID: 0}
    - target: {fileID: 4831642491533612, guid: db3f753216ba0be49b6bf22ba9b77139, type: 2}
      propertyPath: m_LocalRotation.z
      value: -0
      objectReference: {fileID: 0}
    - target: {fileID: 4831642491533612, guid: db3f753216ba0be49b6bf22ba9b77139, type: 2}
      propertyPath: m_LocalRotation.w
      value: 1
      objectReference: {fileID: 0}
    - target: {fileID: 4831642491533612, guid: db3f753216ba0be49b6bf22ba9b77139, type: 2}
      propertyPath: m_RootOrder
      value: 11
      objectReference: {fileID: 0}
    - target: {fileID: 1570255924840740, guid: db3f753216ba0be49b6bf22ba9b77139, type: 2}
      propertyPath: m_Name
      value: Hex.2 (1)
      objectReference: {fileID: 0}
    m_RemovedComponents: []
  m_ParentPrefab: {fileID: 100100000, guid: db3f753216ba0be49b6bf22ba9b77139, type: 2}
  m_IsPrefabParent: 0
--- !u!1001 &252424559
Prefab:
  m_ObjectHideFlags: 0
  serializedVersion: 2
  m_Modification:
    m_TransformParent: {fileID: 0}
    m_Modifications:
    - target: {fileID: 4857739696590414, guid: 4bd3454d896af9c4287221f65e991062, type: 2}
      propertyPath: m_LocalPosition.x
      value: -3.4
      objectReference: {fileID: 0}
    - target: {fileID: 4857739696590414, guid: 4bd3454d896af9c4287221f65e991062, type: 2}
      propertyPath: m_LocalPosition.y
      value: 0.073
      objectReference: {fileID: 0}
    - target: {fileID: 4857739696590414, guid: 4bd3454d896af9c4287221f65e991062, type: 2}
      propertyPath: m_LocalPosition.z
      value: 0
      objectReference: {fileID: 0}
    - target: {fileID: 4857739696590414, guid: 4bd3454d896af9c4287221f65e991062, type: 2}
      propertyPath: m_LocalRotation.x
      value: -0
      objectReference: {fileID: 0}
    - target: {fileID: 4857739696590414, guid: 4bd3454d896af9c4287221f65e991062, type: 2}
      propertyPath: m_LocalRotation.y
      value: -0
      objectReference: {fileID: 0}
    - target: {fileID: 4857739696590414, guid: 4bd3454d896af9c4287221f65e991062, type: 2}
      propertyPath: m_LocalRotation.z
      value: -0
      objectReference: {fileID: 0}
    - target: {fileID: 4857739696590414, guid: 4bd3454d896af9c4287221f65e991062, type: 2}
      propertyPath: m_LocalRotation.w
      value: 1
      objectReference: {fileID: 0}
    - target: {fileID: 4857739696590414, guid: 4bd3454d896af9c4287221f65e991062, type: 2}
      propertyPath: m_RootOrder
      value: 23
      objectReference: {fileID: 0}
    - target: {fileID: 1920411105587014, guid: 4bd3454d896af9c4287221f65e991062, type: 2}
      propertyPath: m_Name
      value: Gold (1)
      objectReference: {fileID: 0}
    m_RemovedComponents: []
  m_ParentPrefab: {fileID: 100100000, guid: 4bd3454d896af9c4287221f65e991062, type: 2}
  m_IsPrefabParent: 0
--- !u!1 &279430508
GameObject:
  m_ObjectHideFlags: 0
  m_PrefabParentObject: {fileID: 0}
  m_PrefabInternal: {fileID: 0}
  serializedVersion: 5
  m_Component:
  - component: {fileID: 279430512}
  - component: {fileID: 279430511}
  - component: {fileID: 279430510}
  - component: {fileID: 279430509}
  m_Layer: 0
  m_Name: Plane
  m_TagString: Untagged
  m_Icon: {fileID: 0}
  m_NavMeshLayer: 0
  m_StaticEditorFlags: 0
  m_IsActive: 1
--- !u!23 &279430509
MeshRenderer:
  m_ObjectHideFlags: 0
  m_PrefabParentObject: {fileID: 0}
  m_PrefabInternal: {fileID: 0}
  m_GameObject: {fileID: 279430508}
  m_Enabled: 1
  m_CastShadows: 1
  m_ReceiveShadows: 1
  m_DynamicOccludee: 1
  m_MotionVectors: 1
  m_LightProbeUsage: 1
  m_ReflectionProbeUsage: 1
  m_Materials:
  - {fileID: 2100000, guid: cb867d7c0f1028f4097106e166dd39e9, type: 2}
  m_StaticBatchInfo:
    firstSubMesh: 0
    subMeshCount: 0
  m_StaticBatchRoot: {fileID: 0}
  m_ProbeAnchor: {fileID: 0}
  m_LightProbeVolumeOverride: {fileID: 0}
  m_ScaleInLightmap: 1
  m_PreserveUVs: 1
  m_IgnoreNormalsForChartDetection: 0
  m_ImportantGI: 0
  m_StitchLightmapSeams: 0
  m_SelectedEditorRenderState: 3
  m_MinimumChartSize: 4
  m_AutoUVMaxDistance: 0.5
  m_AutoUVMaxAngle: 89
  m_LightmapParameters: {fileID: 0}
  m_SortingLayerID: 0
  m_SortingLayer: 0
  m_SortingOrder: 0
--- !u!64 &279430510
MeshCollider:
  m_ObjectHideFlags: 0
  m_PrefabParentObject: {fileID: 0}
  m_PrefabInternal: {fileID: 0}
  m_GameObject: {fileID: 279430508}
  m_Material: {fileID: 0}
  m_IsTrigger: 0
  m_Enabled: 1
  serializedVersion: 2
  m_Convex: 0
  m_InflateMesh: 0
  m_SkinWidth: 0.01
  m_Mesh: {fileID: 10209, guid: 0000000000000000e000000000000000, type: 0}
--- !u!33 &279430511
MeshFilter:
  m_ObjectHideFlags: 0
  m_PrefabParentObject: {fileID: 0}
  m_PrefabInternal: {fileID: 0}
  m_GameObject: {fileID: 279430508}
  m_Mesh: {fileID: 10209, guid: 0000000000000000e000000000000000, type: 0}
--- !u!4 &279430512
Transform:
  m_ObjectHideFlags: 0
  m_PrefabParentObject: {fileID: 0}
  m_PrefabInternal: {fileID: 0}
  m_GameObject: {fileID: 279430508}
  m_LocalRotation: {x: -0.0016706216, y: -0.0000000052021583, z: -0.008566391, w: 0.9999619}
  m_LocalPosition: {x: 0, y: 0, z: 0}
  m_LocalScale: {x: 10, y: 1, z: 10}
  m_Children: []
  m_Father: {fileID: 0}
  m_RootOrder: 3
  m_LocalEulerAnglesHint: {x: -0.19100001, y: 0.002, z: -0.98200005}
--- !u!1001 &336417155
Prefab:
  m_ObjectHideFlags: 0
  serializedVersion: 2
  m_Modification:
    m_TransformParent: {fileID: 0}
    m_Modifications:
    - target: {fileID: 4857739696590414, guid: 4bd3454d896af9c4287221f65e991062, type: 2}
      propertyPath: m_LocalPosition.x
      value: -3.4
      objectReference: {fileID: 0}
    - target: {fileID: 4857739696590414, guid: 4bd3454d896af9c4287221f65e991062, type: 2}
      propertyPath: m_LocalPosition.y
      value: 0.215
      objectReference: {fileID: 0}
    - target: {fileID: 4857739696590414, guid: 4bd3454d896af9c4287221f65e991062, type: 2}
      propertyPath: m_LocalPosition.z
      value: 0
      objectReference: {fileID: 0}
    - target: {fileID: 4857739696590414, guid: 4bd3454d896af9c4287221f65e991062, type: 2}
      propertyPath: m_LocalRotation.x
      value: -0
      objectReference: {fileID: 0}
    - target: {fileID: 4857739696590414, guid: 4bd3454d896af9c4287221f65e991062, type: 2}
      propertyPath: m_LocalRotation.y
      value: -0
      objectReference: {fileID: 0}
    - target: {fileID: 4857739696590414, guid: 4bd3454d896af9c4287221f65e991062, type: 2}
      propertyPath: m_LocalRotation.z
      value: -0
      objectReference: {fileID: 0}
    - target: {fileID: 4857739696590414, guid: 4bd3454d896af9c4287221f65e991062, type: 2}
      propertyPath: m_LocalRotation.w
      value: 1
      objectReference: {fileID: 0}
    - target: {fileID: 4857739696590414, guid: 4bd3454d896af9c4287221f65e991062, type: 2}
      propertyPath: m_RootOrder
      value: 25
      objectReference: {fileID: 0}
    - target: {fileID: 1920411105587014, guid: 4bd3454d896af9c4287221f65e991062, type: 2}
      propertyPath: m_Name
      value: Gold (3)
      objectReference: {fileID: 0}
    m_RemovedComponents: []
  m_ParentPrefab: {fileID: 100100000, guid: 4bd3454d896af9c4287221f65e991062, type: 2}
  m_IsPrefabParent: 0
--- !u!1 &436666565
GameObject:
  m_ObjectHideFlags: 0
  m_PrefabParentObject: {fileID: 0}
  m_PrefabInternal: {fileID: 0}
  serializedVersion: 5
  m_Component:
  - component: {fileID: 436666569}
  - component: {fileID: 436666568}
  - component: {fileID: 436666567}
  - component: {fileID: 436666566}
  m_Layer: 0
  m_Name: Main Camera
  m_TagString: MainCamera
  m_Icon: {fileID: 0}
  m_NavMeshLayer: 0
  m_StaticEditorFlags: 0
  m_IsActive: 1
--- !u!81 &436666566
AudioListener:
  m_ObjectHideFlags: 0
  m_PrefabParentObject: {fileID: 0}
  m_PrefabInternal: {fileID: 0}
  m_GameObject: {fileID: 436666565}
  m_Enabled: 1
--- !u!124 &436666567
Behaviour:
  m_ObjectHideFlags: 0
  m_PrefabParentObject: {fileID: 0}
  m_PrefabInternal: {fileID: 0}
  m_GameObject: {fileID: 436666565}
  m_Enabled: 1
--- !u!20 &436666568
Camera:
  m_ObjectHideFlags: 0
  m_PrefabParentObject: {fileID: 0}
  m_PrefabInternal: {fileID: 0}
  m_GameObject: {fileID: 436666565}
  m_Enabled: 1
  serializedVersion: 2
  m_ClearFlags: 2
  m_BackGroundColor: {r: 0.9117647, g: 0.9117647, b: 0.9117647, a: 0}
  m_NormalizedViewPortRect:
    serializedVersion: 2
    x: 0
    y: 0
    width: 1
    height: 1
  near clip plane: 0.01
  far clip plane: 200
  field of view: 60
  orthographic: 1
  orthographic size: 8.95
  m_Depth: -1
  m_CullingMask:
    serializedVersion: 2
    m_Bits: 4294967295
  m_RenderingPath: -1
  m_TargetTexture: {fileID: 0}
  m_TargetDisplay: 0
  m_TargetEye: 3
  m_HDR: 1
  m_AllowMSAA: 1
  m_ForceIntoRT: 0
  m_OcclusionCulling: 1
  m_StereoConvergence: 10
  m_StereoSeparation: 0.022
--- !u!4 &436666569
Transform:
  m_ObjectHideFlags: 0
  m_PrefabParentObject: {fileID: 0}
  m_PrefabInternal: {fileID: 0}
  m_GameObject: {fileID: 436666565}
  m_LocalRotation: {x: 0.27984518, y: 0.3647056, z: -0.11591566, w: 0.88047725}
  m_LocalPosition: {x: -6, y: 12, z: -6}
  m_LocalScale: {x: 1, y: 1, z: 1}
  m_Children: []
  m_Father: {fileID: 0}
  m_RootOrder: 0
  m_LocalEulerAnglesHint: {x: 35.264, y: 45, z: 0}
--- !u!1001 &486869875
Prefab:
  m_ObjectHideFlags: 0
  serializedVersion: 2
  m_Modification:
    m_TransformParent: {fileID: 0}
    m_Modifications:
    - target: {fileID: 4831642491533612, guid: db3f753216ba0be49b6bf22ba9b77139, type: 2}
      propertyPath: m_LocalPosition.x
      value: -0.886
      objectReference: {fileID: 0}
    - target: {fileID: 4831642491533612, guid: db3f753216ba0be49b6bf22ba9b77139, type: 2}
      propertyPath: m_LocalPosition.y
      value: 0.5
      objectReference: {fileID: 0}
    - target: {fileID: 4831642491533612, guid: db3f753216ba0be49b6bf22ba9b77139, type: 2}
      propertyPath: m_LocalPosition.z
      value: 1.5
      objectReference: {fileID: 0}
    - target: {fileID: 4831642491533612, guid: db3f753216ba0be49b6bf22ba9b77139, type: 2}
      propertyPath: m_LocalRotation.x
      value: -0
      objectReference: {fileID: 0}
    - target: {fileID: 4831642491533612, guid: db3f753216ba0be49b6bf22ba9b77139, type: 2}
      propertyPath: m_LocalRotation.y
      value: -0
      objectReference: {fileID: 0}
    - target: {fileID: 4831642491533612, guid: db3f753216ba0be49b6bf22ba9b77139, type: 2}
      propertyPath: m_LocalRotation.z
      value: -0
      objectReference: {fileID: 0}
    - target: {fileID: 4831642491533612, guid: db3f753216ba0be49b6bf22ba9b77139, type: 2}
      propertyPath: m_LocalRotation.w
      value: 1
      objectReference: {fileID: 0}
    - target: {fileID: 4831642491533612, guid: db3f753216ba0be49b6bf22ba9b77139, type: 2}
      propertyPath: m_RootOrder
      value: 10
      objectReference: {fileID: 0}
    m_RemovedComponents: []
  m_ParentPrefab: {fileID: 100100000, guid: db3f753216ba0be49b6bf22ba9b77139, type: 2}
  m_IsPrefabParent: 0
--- !u!1001 &578703890
Prefab:
  m_ObjectHideFlags: 0
  serializedVersion: 2
  m_Modification:
    m_TransformParent: {fileID: 0}
    m_Modifications:
    - target: {fileID: 4434218199892684, guid: cbc7a8b2bdc1d4346b70ca944adac4fd, type: 2}
      propertyPath: m_LocalPosition.x
      value: 0.866
      objectReference: {fileID: 0}
    - target: {fileID: 4434218199892684, guid: cbc7a8b2bdc1d4346b70ca944adac4fd, type: 2}
      propertyPath: m_LocalPosition.y
      value: 1.5
      objectReference: {fileID: 0}
    - target: {fileID: 4434218199892684, guid: cbc7a8b2bdc1d4346b70ca944adac4fd, type: 2}
      propertyPath: m_LocalPosition.z
      value: 1.5
      objectReference: {fileID: 0}
    - target: {fileID: 4434218199892684, guid: cbc7a8b2bdc1d4346b70ca944adac4fd, type: 2}
      propertyPath: m_LocalRotation.x
      value: -0
      objectReference: {fileID: 0}
    - target: {fileID: 4434218199892684, guid: cbc7a8b2bdc1d4346b70ca944adac4fd, type: 2}
      propertyPath: m_LocalRotation.y
      value: -0
      objectReference: {fileID: 0}
    - target: {fileID: 4434218199892684, guid: cbc7a8b2bdc1d4346b70ca944adac4fd, type: 2}
      propertyPath: m_LocalRotation.z
      value: -0
      objectReference: {fileID: 0}
    - target: {fileID: 4434218199892684, guid: cbc7a8b2bdc1d4346b70ca944adac4fd, type: 2}
      propertyPath: m_LocalRotation.w
      value: 1
      objectReference: {fileID: 0}
    - target: {fileID: 4434218199892684, guid: cbc7a8b2bdc1d4346b70ca944adac4fd, type: 2}
      propertyPath: m_RootOrder
      value: 13
      objectReference: {fileID: 0}
    m_RemovedComponents: []
  m_ParentPrefab: {fileID: 100100000, guid: cbc7a8b2bdc1d4346b70ca944adac4fd, type: 2}
  m_IsPrefabParent: 0
--- !u!1001 &760039646
Prefab:
  m_ObjectHideFlags: 0
  serializedVersion: 2
  m_Modification:
    m_TransformParent: {fileID: 0}
    m_Modifications:
    - target: {fileID: 4831642491533612, guid: db3f753216ba0be49b6bf22ba9b77139, type: 2}
      propertyPath: m_LocalPosition.x
      value: 0
      objectReference: {fileID: 0}
    - target: {fileID: 4831642491533612, guid: db3f753216ba0be49b6bf22ba9b77139, type: 2}
      propertyPath: m_LocalPosition.y
      value: 0.5
      objectReference: {fileID: 0}
    - target: {fileID: 4831642491533612, guid: db3f753216ba0be49b6bf22ba9b77139, type: 2}
      propertyPath: m_LocalPosition.z
      value: 3
      objectReference: {fileID: 0}
    - target: {fileID: 4831642491533612, guid: db3f753216ba0be49b6bf22ba9b77139, type: 2}
      propertyPath: m_LocalRotation.x
      value: -0
      objectReference: {fileID: 0}
    - target: {fileID: 4831642491533612, guid: db3f753216ba0be49b6bf22ba9b77139, type: 2}
      propertyPath: m_LocalRotation.y
      value: -0
      objectReference: {fileID: 0}
    - target: {fileID: 4831642491533612, guid: db3f753216ba0be49b6bf22ba9b77139, type: 2}
      propertyPath: m_LocalRotation.z
      value: -0
      objectReference: {fileID: 0}
    - target: {fileID: 4831642491533612, guid: db3f753216ba0be49b6bf22ba9b77139, type: 2}
      propertyPath: m_LocalRotation.w
      value: 1
      objectReference: {fileID: 0}
    - target: {fileID: 4831642491533612, guid: db3f753216ba0be49b6bf22ba9b77139, type: 2}
      propertyPath: m_RootOrder
      value: 12
      objectReference: {fileID: 0}
    - target: {fileID: 1570255924840740, guid: db3f753216ba0be49b6bf22ba9b77139, type: 2}
      propertyPath: m_Name
      value: Hex.2 (2)
      objectReference: {fileID: 0}
    m_RemovedComponents: []
  m_ParentPrefab: {fileID: 100100000, guid: db3f753216ba0be49b6bf22ba9b77139, type: 2}
  m_IsPrefabParent: 0
--- !u!1 &874852232
GameObject:
  m_ObjectHideFlags: 0
  m_PrefabParentObject: {fileID: 0}
  m_PrefabInternal: {fileID: 0}
  serializedVersion: 5
  m_Component:
  - component: {fileID: 874852234}
  - component: {fileID: 874852233}
  m_Layer: 0
  m_Name: Directional Light
  m_TagString: Untagged
  m_Icon: {fileID: 0}
  m_NavMeshLayer: 0
  m_StaticEditorFlags: 0
  m_IsActive: 1
--- !u!108 &874852233
Light:
  m_ObjectHideFlags: 0
  m_PrefabParentObject: {fileID: 0}
  m_PrefabInternal: {fileID: 0}
  m_GameObject: {fileID: 874852232}
  m_Enabled: 1
  serializedVersion: 8
  m_Type: 1
  m_Color: {r: 1, g: 0.95686275, b: 0.8392157, a: 1}
  m_Intensity: 1
  m_Range: 10
  m_SpotAngle: 30
  m_CookieSize: 10
  m_Shadows:
    m_Type: 2
    m_Resolution: -1
    m_CustomResolution: -1
    m_Strength: 1
    m_Bias: 0.05
    m_NormalBias: 0.4
    m_NearPlane: 0.2
  m_Cookie: {fileID: 0}
  m_DrawHalo: 0
  m_Flare: {fileID: 0}
  m_RenderMode: 0
  m_CullingMask:
    serializedVersion: 2
    m_Bits: 4294967295
  m_Lightmapping: 4
  m_AreaSize: {x: 1, y: 1}
  m_BounceIntensity: 1
  m_ColorTemperature: 6570
  m_UseColorTemperature: 0
  m_ShadowRadius: 0
  m_ShadowAngle: 0
--- !u!4 &874852234
Transform:
  m_ObjectHideFlags: 0
  m_PrefabParentObject: {fileID: 0}
  m_PrefabInternal: {fileID: 0}
  m_GameObject: {fileID: 874852232}
  m_LocalRotation: {x: 0.40821788, y: -0.23456968, z: 0.10938163, w: 0.8754261}
  m_LocalPosition: {x: 0, y: 3, z: 0}
  m_LocalScale: {x: 1, y: 1, z: 1}
  m_Children: []
  m_Father: {fileID: 0}
  m_RootOrder: 2
  m_LocalEulerAnglesHint: {x: 50, y: -30, z: 0}
--- !u!1001 &1005808838
Prefab:
  m_ObjectHideFlags: 0
  serializedVersion: 2
  m_Modification:
    m_TransformParent: {fileID: 0}
    m_Modifications:
    - target: {fileID: 4124180818054920, guid: f089bbebb9975e441b1d0189b58bcbd7, type: 2}
      propertyPath: m_LocalPosition.x
      value: -5.19615
      objectReference: {fileID: 0}
    - target: {fileID: 4124180818054920, guid: f089bbebb9975e441b1d0189b58bcbd7, type: 2}
      propertyPath: m_LocalPosition.y
      value: 0
      objectReference: {fileID: 0}
    - target: {fileID: 4124180818054920, guid: f089bbebb9975e441b1d0189b58bcbd7, type: 2}
      propertyPath: m_LocalPosition.z
      value: 0
      objectReference: {fileID: 0}
    - target: {fileID: 4124180818054920, guid: f089bbebb9975e441b1d0189b58bcbd7, type: 2}
      propertyPath: m_LocalRotation.x
      value: -0
      objectReference: {fileID: 0}
    - target: {fileID: 4124180818054920, guid: f089bbebb9975e441b1d0189b58bcbd7, type: 2}
      propertyPath: m_LocalRotation.y
      value: -0
      objectReference: {fileID: 0}
    - target: {fileID: 4124180818054920, guid: f089bbebb9975e441b1d0189b58bcbd7, type: 2}
      propertyPath: m_LocalRotation.z
      value: -0
      objectReference: {fileID: 0}
    - target: {fileID: 4124180818054920, guid: f089bbebb9975e441b1d0189b58bcbd7, type: 2}
      propertyPath: m_LocalRotation.w
      value: 1
      objectReference: {fileID: 0}
    - target: {fileID: 4124180818054920, guid: f089bbebb9975e441b1d0189b58bcbd7, type: 2}
      propertyPath: m_RootOrder
      value: 21
      objectReference: {fileID: 0}
    - target: {fileID: 1887403919832678, guid: f089bbebb9975e441b1d0189b58bcbd7, type: 2}
      propertyPath: m_Name
      value: Hex.1 (7)
      objectReference: {fileID: 0}
    m_RemovedComponents: []
  m_ParentPrefab: {fileID: 100100000, guid: f089bbebb9975e441b1d0189b58bcbd7, type: 2}
  m_IsPrefabParent: 0
--- !u!1 &1028229062
GameObject:
  m_ObjectHideFlags: 0
  m_PrefabParentObject: {fileID: 0}
  m_PrefabInternal: {fileID: 0}
  serializedVersion: 5
  m_Component:
  - component: {fileID: 1028229066}
  - component: {fileID: 1028229065}
  - component: {fileID: 1028229064}
  - component: {fileID: 1028229063}
  m_Layer: 0
  m_Name: Main Camera (1)
  m_TagString: MainCamera
  m_Icon: {fileID: 0}
  m_NavMeshLayer: 0
  m_StaticEditorFlags: 0
  m_IsActive: 1
--- !u!81 &1028229063
AudioListener:
  m_ObjectHideFlags: 0
  m_PrefabParentObject: {fileID: 0}
  m_PrefabInternal: {fileID: 0}
  m_GameObject: {fileID: 1028229062}
  m_Enabled: 1
--- !u!124 &1028229064
Behaviour:
  m_ObjectHideFlags: 0
  m_PrefabParentObject: {fileID: 0}
  m_PrefabInternal: {fileID: 0}
  m_GameObject: {fileID: 1028229062}
  m_Enabled: 1
--- !u!20 &1028229065
Camera:
  m_ObjectHideFlags: 0
  m_PrefabParentObject: {fileID: 0}
  m_PrefabInternal: {fileID: 0}
  m_GameObject: {fileID: 1028229062}
  m_Enabled: 1
  serializedVersion: 2
  m_ClearFlags: 2
  m_BackGroundColor: {r: 0.9117647, g: 0.9117647, b: 0.9117647, a: 0}
  m_NormalizedViewPortRect:
    serializedVersion: 2
    x: 0
    y: 0
    width: 1
    height: 1
  near clip plane: 0.01
  far clip plane: 200
  field of view: 60
  orthographic: 0
  orthographic size: 8.95
  m_Depth: -1
  m_CullingMask:
    serializedVersion: 2
    m_Bits: 4294967295
  m_RenderingPath: -1
  m_TargetTexture: {fileID: 0}
  m_TargetDisplay: 1
  m_TargetEye: 3
  m_HDR: 1
  m_AllowMSAA: 1
  m_ForceIntoRT: 0
  m_OcclusionCulling: 1
  m_StereoConvergence: 10
  m_StereoSeparation: 0.022
--- !u!4 &1028229066
Transform:
  m_ObjectHideFlags: 0
  m_PrefabParentObject: {fileID: 0}
  m_PrefabInternal: {fileID: 0}
  m_GameObject: {fileID: 1028229062}
  m_LocalRotation: {x: 0.6532815, y: 0.27059805, z: -0.27059805, w: 0.6532815}
  m_LocalPosition: {x: 0, y: 21.86, z: 0}
  m_LocalScale: {x: 1, y: 1, z: 1}
  m_Children: []
  m_Father: {fileID: 0}
  m_RootOrder: 1
  m_LocalEulerAnglesHint: {x: 90, y: 45, z: 0}
--- !u!1001 &1064446968
Prefab:
  m_ObjectHideFlags: 0
  serializedVersion: 2
  m_Modification:
    m_TransformParent: {fileID: 0}
    m_Modifications:
    - target: {fileID: 4079779742743032, guid: 2fd431fda3ec58540b1dd4ff3ff5d4fb, type: 2}
      propertyPath: m_LocalPosition.x
      value: 0
      objectReference: {fileID: 0}
    - target: {fileID: 4079779742743032, guid: 2fd431fda3ec58540b1dd4ff3ff5d4fb, type: 2}
      propertyPath: m_LocalPosition.y
      value: 7.5
      objectReference: {fileID: 0}
    - target: {fileID: 4079779742743032, guid: 2fd431fda3ec58540b1dd4ff3ff5d4fb, type: 2}
      propertyPath: m_LocalPosition.z
      value: 3
      objectReference: {fileID: 0}
    - target: {fileID: 4079779742743032, guid: 2fd431fda3ec58540b1dd4ff3ff5d4fb, type: 2}
      propertyPath: m_LocalRotation.x
      value: -0
      objectReference: {fileID: 0}
    - target: {fileID: 4079779742743032, guid: 2fd431fda3ec58540b1dd4ff3ff5d4fb, type: 2}
      propertyPath: m_LocalRotation.y
      value: -0
      objectReference: {fileID: 0}
    - target: {fileID: 4079779742743032, guid: 2fd431fda3ec58540b1dd4ff3ff5d4fb, type: 2}
      propertyPath: m_LocalRotation.z
      value: -0
      objectReference: {fileID: 0}
    - target: {fileID: 4079779742743032, guid: 2fd431fda3ec58540b1dd4ff3ff5d4fb, type: 2}
      propertyPath: m_LocalRotation.w
      value: 1
      objectReference: {fileID: 0}
    - target: {fileID: 4079779742743032, guid: 2fd431fda3ec58540b1dd4ff3ff5d4fb, type: 2}
      propertyPath: m_RootOrder
      value: 18
      objectReference: {fileID: 0}
    m_RemovedComponents: []
  m_ParentPrefab: {fileID: 100100000, guid: 2fd431fda3ec58540b1dd4ff3ff5d4fb, type: 2}
  m_IsPrefabParent: 0
--- !u!1001 &1158462637
Prefab:
  m_ObjectHideFlags: 0
  serializedVersion: 2
  m_Modification:
    m_TransformParent: {fileID: 0}
    m_Modifications:
    - target: {fileID: 4857739696590414, guid: 4bd3454d896af9c4287221f65e991062, type: 2}
      propertyPath: m_LocalPosition.x
      value: -3.4
      objectReference: {fileID: 0}
    - target: {fileID: 4857739696590414, guid: 4bd3454d896af9c4287221f65e991062, type: 2}
      propertyPath: m_LocalPosition.y
      value: 0
      objectReference: {fileID: 0}
    - target: {fileID: 4857739696590414, guid: 4bd3454d896af9c4287221f65e991062, type: 2}
      propertyPath: m_LocalPosition.z
      value: 0
      objectReference: {fileID: 0}
    - target: {fileID: 4857739696590414, guid: 4bd3454d896af9c4287221f65e991062, type: 2}
      propertyPath: m_LocalRotation.x
      value: -0
      objectReference: {fileID: 0}
    - target: {fileID: 4857739696590414, guid: 4bd3454d896af9c4287221f65e991062, type: 2}
      propertyPath: m_LocalRotation.y
      value: -0
      objectReference: {fileID: 0}
    - target: {fileID: 4857739696590414, guid: 4bd3454d896af9c4287221f65e991062, type: 2}
      propertyPath: m_LocalRotation.z
      value: -0
      objectReference: {fileID: 0}
    - target: {fileID: 4857739696590414, guid: 4bd3454d896af9c4287221f65e991062, type: 2}
      propertyPath: m_LocalRotation.w
      value: 1
      objectReference: {fileID: 0}
    - target: {fileID: 4857739696590414, guid: 4bd3454d896af9c4287221f65e991062, type: 2}
      propertyPath: m_RootOrder
      value: 22
      objectReference: {fileID: 0}
    m_RemovedComponents: []
  m_ParentPrefab: {fileID: 100100000, guid: 4bd3454d896af9c4287221f65e991062, type: 2}
  m_IsPrefabParent: 0
--- !u!1001 &1181297313
Prefab:
  m_ObjectHideFlags: 0
  serializedVersion: 2
  m_Modification:
    m_TransformParent: {fileID: 0}
    m_Modifications:
    - target: {fileID: 4357108945096772, guid: 13f6b89df57815f47b7b52e5064ce7ea, type: 2}
      propertyPath: m_LocalPosition.x
      value: 0.886
      objectReference: {fileID: 0}
    - target: {fileID: 4357108945096772, guid: 13f6b89df57815f47b7b52e5064ce7ea, type: 2}
      propertyPath: m_LocalPosition.y
      value: 3.5
      objectReference: {fileID: 0}
    - target: {fileID: 4357108945096772, guid: 13f6b89df57815f47b7b52e5064ce7ea, type: 2}
      propertyPath: m_LocalPosition.z
      value: 1.5
      objectReference: {fileID: 0}
    - target: {fileID: 4357108945096772, guid: 13f6b89df57815f47b7b52e5064ce7ea, type: 2}
      propertyPath: m_LocalRotation.x
      value: -0
      objectReference: {fileID: 0}
    - target: {fileID: 4357108945096772, guid: 13f6b89df57815f47b7b52e5064ce7ea, type: 2}
      propertyPath: m_LocalRotation.y
      value: -0
      objectReference: {fileID: 0}
    - target: {fileID: 4357108945096772, guid: 13f6b89df57815f47b7b52e5064ce7ea, type: 2}
      propertyPath: m_LocalRotation.z
      value: -0
      objectReference: {fileID: 0}
    - target: {fileID: 4357108945096772, guid: 13f6b89df57815f47b7b52e5064ce7ea, type: 2}
      propertyPath: m_LocalRotation.w
      value: 1
      objectReference: {fileID: 0}
    - target: {fileID: 4357108945096772, guid: 13f6b89df57815f47b7b52e5064ce7ea, type: 2}
      propertyPath: m_RootOrder
      value: 16
      objectReference: {fileID: 0}
    - target: {fileID: 4605202605462084, guid: 13f6b89df57815f47b7b52e5064ce7ea, type: 2}
      propertyPath: m_LocalScale.z
      value: 4
      objectReference: {fileID: 0}
    m_RemovedComponents: []
  m_ParentPrefab: {fileID: 100100000, guid: 13f6b89df57815f47b7b52e5064ce7ea, type: 2}
  m_IsPrefabParent: 0
--- !u!1001 &1197821678
Prefab:
  m_ObjectHideFlags: 0
  serializedVersion: 2
  m_Modification:
    m_TransformParent: {fileID: 0}
    m_Modifications:
    - target: {fileID: 4124180818054920, guid: f089bbebb9975e441b1d0189b58bcbd7, type: 2}
      propertyPath: m_LocalPosition.x
      value: -0.886
      objectReference: {fileID: 0}
    - target: {fileID: 4124180818054920, guid: f089bbebb9975e441b1d0189b58bcbd7, type: 2}
      propertyPath: m_LocalPosition.y
      value: 0
      objectReference: {fileID: 0}
    - target: {fileID: 4124180818054920, guid: f089bbebb9975e441b1d0189b58bcbd7, type: 2}
      propertyPath: m_LocalPosition.z
      value: 1.5
      objectReference: {fileID: 0}
    - target: {fileID: 4124180818054920, guid: f089bbebb9975e441b1d0189b58bcbd7, type: 2}
      propertyPath: m_LocalRotation.x
      value: -0
      objectReference: {fileID: 0}
    - target: {fileID: 4124180818054920, guid: f089bbebb9975e441b1d0189b58bcbd7, type: 2}
      propertyPath: m_LocalRotation.y
      value: -0
      objectReference: {fileID: 0}
    - target: {fileID: 4124180818054920, guid: f089bbebb9975e441b1d0189b58bcbd7, type: 2}
      propertyPath: m_LocalRotation.z
      value: -0
      objectReference: {fileID: 0}
    - target: {fileID: 4124180818054920, guid: f089bbebb9975e441b1d0189b58bcbd7, type: 2}
      propertyPath: m_LocalRotation.w
      value: 1
      objectReference: {fileID: 0}
    - target: {fileID: 4124180818054920, guid: f089bbebb9975e441b1d0189b58bcbd7, type: 2}
      propertyPath: m_RootOrder
      value: 7
      objectReference: {fileID: 0}
    - target: {fileID: 1887403919832678, guid: f089bbebb9975e441b1d0189b58bcbd7, type: 2}
      propertyPath: m_Name
      value: Hex.1 (3)
      objectReference: {fileID: 0}
    m_RemovedComponents: []
  m_ParentPrefab: {fileID: 100100000, guid: f089bbebb9975e441b1d0189b58bcbd7, type: 2}
  m_IsPrefabParent: 0
--- !u!1001 &1273824638
Prefab:
  m_ObjectHideFlags: 0
  serializedVersion: 2
  m_Modification:
    m_TransformParent: {fileID: 0}
    m_Modifications:
    - target: {fileID: 4434218199892684, guid: cbc7a8b2bdc1d4346b70ca944adac4fd, type: 2}
      propertyPath: m_LocalPosition.x
      value: 0
      objectReference: {fileID: 0}
    - target: {fileID: 4434218199892684, guid: cbc7a8b2bdc1d4346b70ca944adac4fd, type: 2}
      propertyPath: m_LocalPosition.y
      value: 1.5
      objectReference: {fileID: 0}
    - target: {fileID: 4434218199892684, guid: cbc7a8b2bdc1d4346b70ca944adac4fd, type: 2}
      propertyPath: m_LocalPosition.z
      value: 3
      objectReference: {fileID: 0}
    - target: {fileID: 4434218199892684, guid: cbc7a8b2bdc1d4346b70ca944adac4fd, type: 2}
      propertyPath: m_LocalRotation.x
      value: -0
      objectReference: {fileID: 0}
    - target: {fileID: 4434218199892684, guid: cbc7a8b2bdc1d4346b70ca944adac4fd, type: 2}
      propertyPath: m_LocalRotation.y
      value: -0
      objectReference: {fileID: 0}
    - target: {fileID: 4434218199892684, guid: cbc7a8b2bdc1d4346b70ca944adac4fd, type: 2}
      propertyPath: m_LocalRotation.z
      value: -0
      objectReference: {fileID: 0}
    - target: {fileID: 4434218199892684, guid: cbc7a8b2bdc1d4346b70ca944adac4fd, type: 2}
      propertyPath: m_LocalRotation.w
      value: 1
      objectReference: {fileID: 0}
    - target: {fileID: 4434218199892684, guid: cbc7a8b2bdc1d4346b70ca944adac4fd, type: 2}
      propertyPath: m_RootOrder
      value: 15
      objectReference: {fileID: 0}
    - target: {fileID: 1152911654120788, guid: cbc7a8b2bdc1d4346b70ca944adac4fd, type: 2}
      propertyPath: m_Name
      value: Hex.3 (2)
      objectReference: {fileID: 0}
    m_RemovedComponents: []
  m_ParentPrefab: {fileID: 100100000, guid: cbc7a8b2bdc1d4346b70ca944adac4fd, type: 2}
  m_IsPrefabParent: 0
--- !u!1001 &1295725571
Prefab:
  m_ObjectHideFlags: 0
  serializedVersion: 2
  m_Modification:
    m_TransformParent: {fileID: 0}
    m_Modifications:
    - target: {fileID: 4124180818054920, guid: f089bbebb9975e441b1d0189b58bcbd7, type: 2}
      propertyPath: m_LocalPosition.x
      value: 0
      objectReference: {fileID: 0}
    - target: {fileID: 4124180818054920, guid: f089bbebb9975e441b1d0189b58bcbd7, type: 2}
      propertyPath: m_LocalPosition.y
      value: 0
      objectReference: {fileID: 0}
    - target: {fileID: 4124180818054920, guid: f089bbebb9975e441b1d0189b58bcbd7, type: 2}
      propertyPath: m_LocalPosition.z
      value: 3
      objectReference: {fileID: 0}
    - target: {fileID: 4124180818054920, guid: f089bbebb9975e441b1d0189b58bcbd7, type: 2}
      propertyPath: m_LocalRotation.x
      value: -0
      objectReference: {fileID: 0}
    - target: {fileID: 4124180818054920, guid: f089bbebb9975e441b1d0189b58bcbd7, type: 2}
      propertyPath: m_LocalRotation.y
      value: -0
      objectReference: {fileID: 0}
    - target: {fileID: 4124180818054920, guid: f089bbebb9975e441b1d0189b58bcbd7, type: 2}
      propertyPath: m_LocalRotation.z
      value: -0
      objectReference: {fileID: 0}
    - target: {fileID: 4124180818054920, guid: f089bbebb9975e441b1d0189b58bcbd7, type: 2}
      propertyPath: m_LocalRotation.w
      value: 1
      objectReference: {fileID: 0}
    - target: {fileID: 4124180818054920, guid: f089bbebb9975e441b1d0189b58bcbd7, type: 2}
      propertyPath: m_RootOrder
      value: 9
      objectReference: {fileID: 0}
    - target: {fileID: 1887403919832678, guid: f089bbebb9975e441b1d0189b58bcbd7, type: 2}
      propertyPath: m_Name
      value: Hex.1 (5)
      objectReference: {fileID: 0}
    m_RemovedComponents: []
  m_ParentPrefab: {fileID: 100100000, guid: f089bbebb9975e441b1d0189b58bcbd7, type: 2}
  m_IsPrefabParent: 0
--- !u!1001 &1345761552
Prefab:
  m_ObjectHideFlags: 0
  serializedVersion: 2
  m_Modification:
    m_TransformParent: {fileID: 0}
    m_Modifications:
    - target: {fileID: 4124180818054920, guid: f089bbebb9975e441b1d0189b58bcbd7, type: 2}
      propertyPath: m_LocalPosition.x
      value: 0
      objectReference: {fileID: 0}
    - target: {fileID: 4124180818054920, guid: f089bbebb9975e441b1d0189b58bcbd7, type: 2}
      propertyPath: m_LocalPosition.y
      value: 0
      objectReference: {fileID: 0}
    - target: {fileID: 4124180818054920, guid: f089bbebb9975e441b1d0189b58bcbd7, type: 2}
      propertyPath: m_LocalPosition.z
      value: 0
      objectReference: {fileID: 0}
    - target: {fileID: 4124180818054920, guid: f089bbebb9975e441b1d0189b58bcbd7, type: 2}
      propertyPath: m_LocalRotation.x
      value: -0
      objectReference: {fileID: 0}
    - target: {fileID: 4124180818054920, guid: f089bbebb9975e441b1d0189b58bcbd7, type: 2}
      propertyPath: m_LocalRotation.y
      value: -0
      objectReference: {fileID: 0}
    - target: {fileID: 4124180818054920, guid: f089bbebb9975e441b1d0189b58bcbd7, type: 2}
      propertyPath: m_LocalRotation.z
      value: -0
      objectReference: {fileID: 0}
    - target: {fileID: 4124180818054920, guid: f089bbebb9975e441b1d0189b58bcbd7, type: 2}
      propertyPath: m_LocalRotation.w
      value: 1
      objectReference: {fileID: 0}
    - target: {fileID: 4124180818054920, guid: f089bbebb9975e441b1d0189b58bcbd7, type: 2}
      propertyPath: m_RootOrder
      value: 4
      objectReference: {fileID: 0}
    m_RemovedComponents: []
  m_ParentPrefab: {fileID: 100100000, guid: f089bbebb9975e441b1d0189b58bcbd7, type: 2}
  m_IsPrefabParent: 0
--- !u!1001 &1701759504
Prefab:
  m_ObjectHideFlags: 0
  serializedVersion: 2
  m_Modification:
    m_TransformParent: {fileID: 0}
    m_Modifications:
    - target: {fileID: 4434218199892684, guid: cbc7a8b2bdc1d4346b70ca944adac4fd, type: 2}
      propertyPath: m_LocalPosition.x
      value: -0.886
      objectReference: {fileID: 0}
    - target: {fileID: 4434218199892684, guid: cbc7a8b2bdc1d4346b70ca944adac4fd, type: 2}
      propertyPath: m_LocalPosition.y
      value: 1.5
      objectReference: {fileID: 0}
    - target: {fileID: 4434218199892684, guid: cbc7a8b2bdc1d4346b70ca944adac4fd, type: 2}
      propertyPath: m_LocalPosition.z
      value: 1.5
      objectReference: {fileID: 0}
    - target: {fileID: 4434218199892684, guid: cbc7a8b2bdc1d4346b70ca944adac4fd, type: 2}
      propertyPath: m_LocalRotation.x
      value: -0
      objectReference: {fileID: 0}
    - target: {fileID: 4434218199892684, guid: cbc7a8b2bdc1d4346b70ca944adac4fd, type: 2}
      propertyPath: m_LocalRotation.y
      value: -0
      objectReference: {fileID: 0}
    - target: {fileID: 4434218199892684, guid: cbc7a8b2bdc1d4346b70ca944adac4fd, type: 2}
      propertyPath: m_LocalRotation.z
      value: -0
      objectReference: {fileID: 0}
    - target: {fileID: 4434218199892684, guid: cbc7a8b2bdc1d4346b70ca944adac4fd, type: 2}
      propertyPath: m_LocalRotation.w
      value: 1
      objectReference: {fileID: 0}
    - target: {fileID: 4434218199892684, guid: cbc7a8b2bdc1d4346b70ca944adac4fd, type: 2}
      propertyPath: m_RootOrder
      value: 14
      objectReference: {fileID: 0}
    - target: {fileID: 1152911654120788, guid: cbc7a8b2bdc1d4346b70ca944adac4fd, type: 2}
      propertyPath: m_Name
      value: Hex.3 (1)
      objectReference: {fileID: 0}
    m_RemovedComponents: []
  m_ParentPrefab: {fileID: 100100000, guid: cbc7a8b2bdc1d4346b70ca944adac4fd, type: 2}
  m_IsPrefabParent: 0
--- !u!1001 &1719739036
Prefab:
  m_ObjectHideFlags: 0
  serializedVersion: 2
  m_Modification:
    m_TransformParent: {fileID: 0}
    m_Modifications:
    - target: {fileID: 4124180818054920, guid: f089bbebb9975e441b1d0189b58bcbd7, type: 2}
      propertyPath: m_LocalPosition.x
      value: 1.732
      objectReference: {fileID: 0}
    - target: {fileID: 4124180818054920, guid: f089bbebb9975e441b1d0189b58bcbd7, type: 2}
      propertyPath: m_LocalPosition.y
      value: 0
      objectReference: {fileID: 0}
    - target: {fileID: 4124180818054920, guid: f089bbebb9975e441b1d0189b58bcbd7, type: 2}
      propertyPath: m_LocalPosition.z
      value: 0
      objectReference: {fileID: 0}
    - target: {fileID: 4124180818054920, guid: f089bbebb9975e441b1d0189b58bcbd7, type: 2}
      propertyPath: m_LocalRotation.x
      value: -0
      objectReference: {fileID: 0}
    - target: {fileID: 4124180818054920, guid: f089bbebb9975e441b1d0189b58bcbd7, type: 2}
      propertyPath: m_LocalRotation.y
      value: -0
      objectReference: {fileID: 0}
    - target: {fileID: 4124180818054920, guid: f089bbebb9975e441b1d0189b58bcbd7, type: 2}
      propertyPath: m_LocalRotation.z
      value: -0
      objectReference: {fileID: 0}
    - target: {fileID: 4124180818054920, guid: f089bbebb9975e441b1d0189b58bcbd7, type: 2}
      propertyPath: m_LocalRotation.w
      value: 1
      objectReference: {fileID: 0}
    - target: {fileID: 4124180818054920, guid: f089bbebb9975e441b1d0189b58bcbd7, type: 2}
      propertyPath: m_RootOrder
      value: 5
      objectReference: {fileID: 0}
    - target: {fileID: 1887403919832678, guid: f089bbebb9975e441b1d0189b58bcbd7, type: 2}
      propertyPath: m_Name
      value: Hex.1 (1)
      objectReference: {fileID: 0}
    m_RemovedComponents: []
  m_ParentPrefab: {fileID: 100100000, guid: f089bbebb9975e441b1d0189b58bcbd7, type: 2}
  m_IsPrefabParent: 0
--- !u!1001 &1878806204
Prefab:
  m_ObjectHideFlags: 0
  serializedVersion: 2
  m_Modification:
    m_TransformParent: {fileID: 0}
    m_Modifications:
    - target: {fileID: 4831642491533612, guid: db3f753216ba0be49b6bf22ba9b77139, type: 2}
      propertyPath: m_LocalPosition.x
      value: 0
      objectReference: {fileID: 0}
    - target: {fileID: 4831642491533612, guid: db3f753216ba0be49b6bf22ba9b77139, type: 2}
      propertyPath: m_LocalPosition.y
      value: 0.5
      objectReference: {fileID: 0}
    - target: {fileID: 4831642491533612, guid: db3f753216ba0be49b6bf22ba9b77139, type: 2}
      propertyPath: m_LocalPosition.z
      value: 0
      objectReference: {fileID: 0}
    - target: {fileID: 4831642491533612, guid: db3f753216ba0be49b6bf22ba9b77139, type: 2}
      propertyPath: m_LocalRotation.x
      value: -0
      objectReference: {fileID: 0}
    - target: {fileID: 4831642491533612, guid: db3f753216ba0be49b6bf22ba9b77139, type: 2}
      propertyPath: m_LocalRotation.y
      value: -0
      objectReference: {fileID: 0}
    - target: {fileID: 4831642491533612, guid: db3f753216ba0be49b6bf22ba9b77139, type: 2}
      propertyPath: m_LocalRotation.z
      value: -0
      objectReference: {fileID: 0}
    - target: {fileID: 4831642491533612, guid: db3f753216ba0be49b6bf22ba9b77139, type: 2}
      propertyPath: m_LocalRotation.w
      value: 1
      objectReference: {fileID: 0}
    - target: {fileID: 4831642491533612, guid: db3f753216ba0be49b6bf22ba9b77139, type: 2}
      propertyPath: m_RootOrder
      value: 19
      objectReference: {fileID: 0}
    - target: {fileID: 1570255924840740, guid: db3f753216ba0be49b6bf22ba9b77139, type: 2}
      propertyPath: m_Name
      value: Hex.2 (3)
      objectReference: {fileID: 0}
    m_RemovedComponents: []
  m_ParentPrefab: {fileID: 100100000, guid: db3f753216ba0be49b6bf22ba9b77139, type: 2}
  m_IsPrefabParent: 0
--- !u!1001 &1904651384
Prefab:
  m_ObjectHideFlags: 0
  serializedVersion: 2
  m_Modification:
    m_TransformParent: {fileID: 0}
    m_Modifications:
    - target: {fileID: 4124180818054920, guid: f089bbebb9975e441b1d0189b58bcbd7, type: 2}
      propertyPath: m_LocalPosition.x
      value: -0.886
      objectReference: {fileID: 0}
    - target: {fileID: 4124180818054920, guid: f089bbebb9975e441b1d0189b58bcbd7, type: 2}
      propertyPath: m_LocalPosition.y
      value: 0
      objectReference: {fileID: 0}
    - target: {fileID: 4124180818054920, guid: f089bbebb9975e441b1d0189b58bcbd7, type: 2}
      propertyPath: m_LocalPosition.z
      value: -1.5
      objectReference: {fileID: 0}
    - target: {fileID: 4124180818054920, guid: f089bbebb9975e441b1d0189b58bcbd7, type: 2}
      propertyPath: m_LocalRotation.x
      value: -0
      objectReference: {fileID: 0}
    - target: {fileID: 4124180818054920, guid: f089bbebb9975e441b1d0189b58bcbd7, type: 2}
      propertyPath: m_LocalRotation.y
      value: -0
      objectReference: {fileID: 0}
    - target: {fileID: 4124180818054920, guid: f089bbebb9975e441b1d0189b58bcbd7, type: 2}
      propertyPath: m_LocalRotation.z
      value: -0
      objectReference: {fileID: 0}
    - target: {fileID: 4124180818054920, guid: f089bbebb9975e441b1d0189b58bcbd7, type: 2}
      propertyPath: m_LocalRotation.w
      value: 1
      objectReference: {fileID: 0}
    - target: {fileID: 4124180818054920, guid: f089bbebb9975e441b1d0189b58bcbd7, type: 2}
      propertyPath: m_RootOrder
      value: 20
      objectReference: {fileID: 0}
    - target: {fileID: 1887403919832678, guid: f089bbebb9975e441b1d0189b58bcbd7, type: 2}
      propertyPath: m_Name
      value: Hex.1 (6)
      objectReference: {fileID: 0}
    m_RemovedComponents: []
  m_ParentPrefab: {fileID: 100100000, guid: f089bbebb9975e441b1d0189b58bcbd7, type: 2}
  m_IsPrefabParent: 0
--- !u!1001 &1921944546
Prefab:
  m_ObjectHideFlags: 0
  serializedVersion: 2
  m_Modification:
    m_TransformParent: {fileID: 0}
    m_Modifications:
    - target: {fileID: 4124180818054920, guid: f089bbebb9975e441b1d0189b58bcbd7, type: 2}
      propertyPath: m_LocalPosition.x
      value: -1.732
      objectReference: {fileID: 0}
    - target: {fileID: 4124180818054920, guid: f089bbebb9975e441b1d0189b58bcbd7, type: 2}
      propertyPath: m_LocalPosition.y
      value: 0
      objectReference: {fileID: 0}
    - target: {fileID: 4124180818054920, guid: f089bbebb9975e441b1d0189b58bcbd7, type: 2}
      propertyPath: m_LocalPosition.z
      value: 0
      objectReference: {fileID: 0}
    - target: {fileID: 4124180818054920, guid: f089bbebb9975e441b1d0189b58bcbd7, type: 2}
      propertyPath: m_LocalRotation.x
      value: -0
      objectReference: {fileID: 0}
    - target: {fileID: 4124180818054920, guid: f089bbebb9975e441b1d0189b58bcbd7, type: 2}
      propertyPath: m_LocalRotation.y
      value: -0
      objectReference: {fileID: 0}
    - target: {fileID: 4124180818054920, guid: f089bbebb9975e441b1d0189b58bcbd7, type: 2}
      propertyPath: m_LocalRotation.z
      value: -0
      objectReference: {fileID: 0}
    - target: {fileID: 4124180818054920, guid: f089bbebb9975e441b1d0189b58bcbd7, type: 2}
      propertyPath: m_LocalRotation.w
      value: 1
      objectReference: {fileID: 0}
    - target: {fileID: 4124180818054920, guid: f089bbebb9975e441b1d0189b58bcbd7, type: 2}
      propertyPath: m_RootOrder
      value: 6
      objectReference: {fileID: 0}
    - target: {fileID: 1887403919832678, guid: f089bbebb9975e441b1d0189b58bcbd7, type: 2}
      propertyPath: m_Name
      value: Hex.1 (2)
      objectReference: {fileID: 0}
    m_RemovedComponents: []
  m_ParentPrefab: {fileID: 100100000, guid: f089bbebb9975e441b1d0189b58bcbd7, type: 2}
  m_IsPrefabParent: 0
--- !u!1001 &2085011826
Prefab:
  m_ObjectHideFlags: 0
  serializedVersion: 2
  m_Modification:
    m_TransformParent: {fileID: 0}
    m_Modifications:
    - target: {fileID: 4857739696590414, guid: 4bd3454d896af9c4287221f65e991062, type: 2}
      propertyPath: m_LocalPosition.x
      value: -3.4
      objectReference: {fileID: 0}
    - target: {fileID: 4857739696590414, guid: 4bd3454d896af9c4287221f65e991062, type: 2}
      propertyPath: m_LocalPosition.y
      value: 0.286
      objectReference: {fileID: 0}
    - target: {fileID: 4857739696590414, guid: 4bd3454d896af9c4287221f65e991062, type: 2}
      propertyPath: m_LocalPosition.z
      value: 0
      objectReference: {fileID: 0}
    - target: {fileID: 4857739696590414, guid: 4bd3454d896af9c4287221f65e991062, type: 2}
      propertyPath: m_LocalRotation.x
      value: -0
      objectReference: {fileID: 0}
    - target: {fileID: 4857739696590414, guid: 4bd3454d896af9c4287221f65e991062, type: 2}
      propertyPath: m_LocalRotation.y
      value: -0
      objectReference: {fileID: 0}
    - target: {fileID: 4857739696590414, guid: 4bd3454d896af9c4287221f65e991062, type: 2}
      propertyPath: m_LocalRotation.z
      value: -0
      objectReference: {fileID: 0}
    - target: {fileID: 4857739696590414, guid: 4bd3454d896af9c4287221f65e991062, type: 2}
      propertyPath: m_LocalRotation.w
      value: 1
      objectReference: {fileID: 0}
    - target: {fileID: 4857739696590414, guid: 4bd3454d896af9c4287221f65e991062, type: 2}
      propertyPath: m_RootOrder
      value: 26
      objectReference: {fileID: 0}
    - target: {fileID: 1920411105587014, guid: 4bd3454d896af9c4287221f65e991062, type: 2}
      propertyPath: m_Name
      value: Gold (4)
      objectReference: {fileID: 0}
    m_RemovedComponents: []
  m_ParentPrefab: {fileID: 100100000, guid: 4bd3454d896af9c4287221f65e991062, type: 2}
  m_IsPrefabParent: 0
